%% uctest.bib 11/3/94
%% Copyright (C) 1988-2004 Daniel Gildea, BBF, Ethan Munson.
%
% This work may be distributed and/or modified under the
% conditions of the LaTeX Project Public License, either version 1.3
% of this license or (at your option) any later version.
% The latest version of this license is in
%   http://www.latex-project.org/lppl.txt
% and version 1.3 or later is part of all distributions of LaTeX
% version 2003/12/01 or later.
%
% This work has the LPPL maintenance status "maintained".
% 
% The Current Maintainer of this work is Daniel Gildea.

@article{IATA2011,
  title={IATA 2011 Annual Review},
  year={2011},
  journal={IATA}
}

@article{upham2003environmental,
  title={Environmental capacity and airport operations: current issues and future prospects},
  author={Upham, Paul and Thomas, Callum and Gillingwater, David and Raper, David},
  journal={Journal of Air Transport Management},
  volume={9},
  number={3},
  pages={145--151},
  year={2003},
  publisher={Elsevier}
}

@article{olsthoorn2001carbon,
  title={Carbon dioxide emissions from international aviation: 1950--2050},
  author={Olsthoorn, Xander},
  journal={Journal of Air Transport Management},
  volume={7},
  number={2},
  pages={87--93},
  year={2001},
  publisher={Elsevier}
}

@article{smith2001world,
  title={World City Networks and Hierarchies, 1977-1997 An Empirical Analysis of Global Air Travel Links},
  author={Smith, David A and Timberlake, Michael F},
  journal={American Behavioral Scientist},
  volume={44},
  number={10},
  pages={1656--1678},
  year={2001},
  publisher={Sage Publications}
}

@article{adey2007flying,
  title={Flying lessons: exploring the social and cultural geographies of global air travel},
  author={Adey, Peter and Budd, Lucy and Hubbard, Phil},
  journal={Progress in Human Geography},
  volume={31},
  number={6},
  pages={773--791},
  year={2007},
  publisher={Sage Publications}
}

@article{marazzo2010air,
  title={Air transport demand and economic growth in Brazil: A time series analysis},
  author={Marazzo, Marcial and Scherre, Rafael and Fernandes, Elton},
  journal={Transportation Research Part E: Logistics and Transportation Review},
  volume={46},
  number={2},
  pages={261--269},
  year={2010},
  publisher={Elsevier}
}

@article{barbarino2011review,
  title={A review of morphing aircraft},
  author={Barbarino, Silvestro and Bilgen, Onur and Ajaj, Rafic M and Friswell, Michael I and Inman, Daniel J},
  journal={Journal of Intelligent Material Systems and Structures},
  volume={22},
  number={9},
  pages={823--877},
  year={2011},
  publisher={Sage Publications}
}

@inproceedings{kuzmina2002review,
  title={Review and outlook on active and passive aeroelastic design concepts for future aircraft},
  author={Kuzmina, Svetlana and Amiryants, Gennadi and Schweiger, Johannes and Cooper, Jonathan and Amprikidis, Michael and Sensberg, Otto},
  booktitle={ICAS 2002 Congress},
  pages={8--13},
  year={2002}
}

@article{sofla2010shape,
  title={Shape morphing of aircraft wing: status and challenges},
  author={Sofla, AYN and Meguid, SA and Tan, KT and Yeo, WK},
  journal={Materials \& Design},
  volume={31},
  number={3},
  pages={1284--1292},
  year={2010},
  publisher={Elsevier}
}

@article{hale2006boeing,
  title={Boeing 787 from the ground up},
  author={Hale, Justin},
  journal={Aero},
  volume={4},
  pages={17--24},
  year={2006}
}

@article{reich2007introduction,
  title={Introduction to morphing aircraft research},
  author={Reich, Gregory and Sanders, Brian},
  journal={Journal of Aircraft},
  volume={44},
  number={4},
  pages={1059--1059},
  year={2007}
}

@techreport{miller1988active,
  title={Active flexible wing (AFW) technology},
  author={Miller, Gerald D},
  year={1988},
  institution={DTIC Document}
}

@article{kudvaoverview,
  title={Overview ofthe ARPAJWL" Smart Structures and Materials Development-Smart Wing" Contract},
  author={Kudva, Jayanth and Jardine, Peter and Martin, Chris and Appa, Kari}
}

@book{siljak2011decentralized,
  title={Decentralized control of complex systems},
  author={Siljak, Dragoslav D},
  year={2011},
  publisher={Courier Corporation}
}

@inproceedings{friswell2009prospects,
  title={The prospects for morphing aircraft},
  author={Friswell, MI},
  booktitle={Smart Structures and Materials (SMARTâ€™09), IV ECCOMAS Thematic Conference},
  pages={175--188},
  year={2009}
}

@book{weisshaar2011aerospace,
  title={Aerospace Structures - an Introduction to Fundamental Problems},
  author={Weisshaar, Terry A.},
  year={2011},
}

@inproceedings{pinkerton1996controlled,
  title={Controlled aeroelastic response and airfoil shaping using adaptive materials and integrated systems},
  author={Pinkerton, Jennifer L and McGowan, Anna-Maria R and Moses, Robert W and Scott, Robert C and Heeg, Jennifer},
  booktitle={1996 Symposium on Smart Structures and Materials},
  pages={166--177},
  year={1996},
  organization={International Society for Optics and Photonics}
}

@inproceedings{kudva2001overview,
  title={Overview of the DARPA/AFRL/NASA smart wing phase II program},
  author={Kudva, Jayanth N and Sanders, Brian P and Pinkerton-Florance, Jennifer L and Garcia, Ephrahim},
  booktitle={SPIE's 8th Annual International Symposium on Smart Structures and Materials},
  pages={383--389},
  year={2001},
  organization={International Society for Optics and Photonics}
}

@inproceedings{urnes2013mission,
  title={A mission adaptive variable camber flap control system to optimize high lift and cruise lift to drag ratios of future n+ 3 transport aircraft},
  author={Urnes, James and Nguyen, Nhan and Ippolito, Corey and Totah, Joseph and Trinh, Khanh and Ting, Eric},
  booktitle={51st AIAA Aerospace Sciences Meeting, Grapevine, TX},
  year={2013}
}

@misc{kota2008adaptive,
  title={Adaptive compliant wing and rotor system},
  author={Kota, Sridhar and Hetrick, Joel A},
  year={2008},
  month=jun # "~10",
  publisher={Google Patents},
  note={US Patent 7,384,016}
}

@inproceedings{kota2009mission,
  title={Mission adaptive compliant wing--design, fabrication and flight test},
  author={Kota, Sridhar and Osborn, Russell and Ervin, Gregory and Maric, Dragan and Flick, Peter and Paul, Donald},
  booktitle={RTO Applied Vehicle Technology Panel (AVT) Symposium},
  year={2009}
}

@inproceedings{joo2015variable,
  title={Variable Camber Compliant Wing--Design},
  author={Joo, James J and Marks, Christopher R and Zientarski, Lauren and Culler, Adam},
  booktitle={23rd AIAA/AHS Adaptive Structures Conference},
  pages={2015--1050},
  year={2015}
}

@inproceedings{miller2015fluid,
  title={Fluid-Structure Interaction of a Variable Camber Compliant Wing},
  author={Miller, Samuel C and Rumpfkeil, Markus P and Joo, James J},
  booktitle={53rd AIAA Aerospace Sciences Meeting},
  pages={1235},
  year={2015}
}

@phdthesis{zientarski2015wind,
  title={Wind Tunnel Testing of a Variable Camber Compliant Wing with a Unique Dual Load Cell Test Fixture},
  author={Zientarski, Lauren Ann},
  year={2015},
  school={University of Dayton}
}

@inproceedings{nguyen2012aeroelastic,
  title={Aeroelastic modeling of elastically shaped aircraft concept via wing shaping control for drag reduction},
  author={Nguyen, Nhan and Urnes, James},
  booktitle={AIAA Atmospheric Flight Mechanics Conference},
  pages={13--16},
  year={2012}
}

@inproceedings{swei2014aeroelastic,
  title={Aeroelastic wing shaping control subject to actuation constraints},
  author={Swei, Sean Shan-Min and Nguyen, Nhan},
  booktitle={55th AIAA/ASMe/ASCE/AHS/SC Structures, Structural Dynamics, and Materials Conference},
  pages={1041},
  year={2014}
}

@article{shyy2010recent,
  title={Recent progress in flapping wing aerodynamics and aeroelasticity},
  author={Shyy, Wei and Aono, Hikaru and Chimakurthi, Satish Kumar and Trizila, P and Kang, C-K and Cesnik, Carlos ES and Liu, Hao},
  journal={Progress in Aerospace Sciences},
  volume={46},
  number={7},
  pages={284--327},
  year={2010},
  publisher={Elsevier}
}

@article{sane2001control,
  title={The control of flight force by a flapping wing: lift and drag production},
  author={Sane, Sanjay P and Dickinson, Michael H},
  journal={Journal of experimental biology},
  volume={204},
  number={15},
  pages={2607--2626},
  year={2001},
  publisher={The Company of Biologists Ltd}
}

@article{dickinson1999wing,
  title={Wing rotation and the aerodynamic basis of insect flight},
  author={Dickinson, Michael H and Lehmann, Fritz-Olaf and Sane, Sanjay P},
  journal={Science},
  volume={284},
  number={5422},
  pages={1954--1960},
  year={1999},
  publisher={American Association for the Advancement of Science}
}

@article{sane2002aerodynamic,
  title={The aerodynamic effects of wing rotation and a revised quasi-steady model of flapping flight},
  author={Sane, Sanjay P and Dickinson, Michael H},
  journal={Journal of experimental biology},
  volume={205},
  number={8},
  pages={1087--1096},
  year={2002},
  publisher={The Company of Biologists Ltd}
}

@incollection{weintraub2014implementation,
  title={Implementation of Split-Cycle Control for Micro Aerial Vehicles},
  author={Weintraub, Isaac E and Sigthorsson, David O and Oppenheimer, Michael W and Doman, David B},
  booktitle={Robot Intelligence Technology and Applications 2},
  pages={859--876},
  year={2014},
  publisher={Springer}
}

@article{oppenheimer2011dynamics,
  title={Dynamics and control of a biomimetic vehicle using biased wingbeat forcing functions},
  author={Oppenheimer, Michael W and Doman, David B and Sigthorsson, David O},
  journal={Journal of guidance, control, and dynamics},
  volume={34},
  number={1},
  pages={204--217},
  year={2011}
}

@article{doman2010wingbeat,
  title={Wingbeat shape modulation for flapping-wing micro-air-vehicle control during hover},
  author={Doman, David B and Oppenheimer, Michael W and Sigthorsson, David O},
  journal={Journal of guidance, control, and dynamics},
  volume={33},
  number={3},
  pages={724--739},
  year={2010}
}

@article{nguyencoupled,
  title={Coupled Aeroelastic Vortex Lattice Modeling of Flexible Aircraft},
  author={Nguyen, Nhan and Trinh, Khanh and Frost, Susan and Reynolds, Kevin}
}

@article{wang2014nonlinear,
  title={Nonlinear Model Reduction for Aeroelastic Control of Flexible Aircraft Described by Large Finite-Element Models},
  author={Wang, Yinan and Wynn, Andrew and Palacios, Rafael},
  year={2014}
}

@inproceedings{nguyen2011longitudinal,
  title={Longitudinal dynamics and adaptive control application for an aeroelastic generic transport model},
  author={Nguyen, Nhan and Tuzcu, Ilhan and Yucelen, Tansel and Calise, Anthony},
  booktitle={AIAA Guidance, Navigation, and Control Conference},
  year={2011}
}

@article{nguyencoupled2014,
  title={Coupled Vortex-Lattice Flight Dynamic Model with Aeroelastic Finite-Element Model of Flexible Wing Transport Aircraft with Variable Camber Continuous Trailing Edge Flap for Drag Reduction},
  author={Nguyen, Nhan and Ting, Eric and Nguyen, Daniel and Dao, Tung and Trinh, Khanh}
}

@article{su2014modified,
  title={Modified Strain-Based Geometrically Nonlinear Beam Formulation for Modeling Slender Wings with Deformable Cross-Sections},
  author={Su, Weihua},
  year={2014}
}

@book{ferris1977wind,
  title={Wind-tunnel investigation of a variable camber and twist wing},
  author={Ferris, James C},
  year={1977},
  publisher={National Aeronautics and Space Administration}
}

@article{neal2004design,
  title={Design and wind-tunnel analysis of a fully adaptive aircraft configuration},
  author={Neal, David A and Good, Matthew G and Johnston, Christopher O and Robertshaw, Harry H and Mason, William H and Inman, Daniel J},
  journal={Proceedings of AIAA/ASME/ASCE/AHS/ASC SDM, Palm Springs, California},
  year={2004}
}

@inproceedings{abdulrahim2004flight,
  title={Flight testing a micro air vehicle using morphing for aeroservoelastic control},
  author={Abdulrahim, Mujahid and Garcia, Helen and Ivey, Gregory F and Lind, Rick},
  booktitle={AIAA Structures, Structural Dynamics, and Materials Conference},
  pages={2004--1674},
  year={2004}
}

@inproceedings{majji2007design,
  title={Design of a morphing wing: modeling and experiments},
  author={Majji, Manoranjan and Rediniotis, Othon K and Junkins, John L},
  booktitle={Proceedings of the AIAA Atmospheric Flight Mechanics Conference and Exhibit, Hilton Head, South Carolina, USA},
  pages={20--23},
  year={2007}
}

@article{vos2010mechanism,
  title={Mechanism for warp-controlled twist of a morphing wing},
  author={Vos, Roelof and Gurdal, Zafer and Abdalla, Mostafa},
  journal={Journal of Aircraft},
  volume={47},
  number={2},
  pages={450--457},
  year={2010}
}


@book{hodges2011introduction,
  title={Introduction to structural dynamics and aeroelasticity},
  author={Hodges, Dewey H and Pierce, G Alvin},
  number={15},
  year={2011},
  publisher={Cambridge University Press}
}

@book{fertis1999nonlinear,
  title={Nonlinear mechanics},
  author={Fertis, Demeter-G},
  year={1999},
  publisher={CRC Press}
}

@article{bertin1998aerodynamics,
  title={Aerodynamics for engineers},
  author={Bertin, John J and Smith, Michael L},
  year={1998},
  publisher={Prentice-Hall}
}

@misc{kundu2012fluid,
  title={Fluid Mechanics, 920 pp},
  author={Kundu, PK and Cohen, IM and Dowling, DR},
  year={2012},
  publisher={Academic Press, New York, NY}
}

@mastersthesis{melin2000vortex,
  title={A vortex lattice MATLAB implementation for linear aerodynamic wing applications},
  author={Melin, Tomas},
  school={Royal Institute of Technology (KTH), Stockholm, Sweden},
  year={2000}
}

@mastersthesis{calisch2014physical,
  title={Physical Finite Elements},
  author={Samuel Calisch},
  school={M.I.T.},
  year={2014}
  }
  
  @inproceedings{jenett2016meso,
  title={Meso-scale digital materials: modular, reconfigurable, lattice-based structures},
  author={Jenett, Benjamin and Cellucci, Daniel and Gregg, Christine and Cheung, Kenneth},
  booktitle={ASME 2016 11th International Manufacturing Science and Engineering Conference},
  pages={V002T01A018--V002T01A018},
  year={2016},
  organization={American Society of Mechanical Engineers}
}

@article{bakule2008decentralized,
  title={Decentralized control: An overview},
  author={Bakule, Lubomir},
  journal={Annual reviews in control},
  volume={32},
  number={1},
  pages={87--98},
  year={2008},
  publisher={Elsevier}
}

@article{zevcevic2005new,
  title={A new approach to control design with overlapping information structure constraints},
  author={Ze{\v{c}}evi{\'c}, AI and {\v{S}}iljak, DD},
  journal={Automatica},
  volume={41},
  number={2},
  pages={265--272},
  year={2005},
  publisher={Elsevier}
}

@article{zhu1997convergent,
  title={A convergent algorithm for the output covariance constraint control problem},
  author={Zhu, G and Rotea, MA and Skelton, R},
  journal={SIAM Journal on Control and Optimization},
  volume={35},
  number={1},
  pages={341--361},
  year={1997},
  publisher={SIAM}
}

@inproceedings{swei2015lmi,
  title={LMI-based Multiobjective Optimization and Control of Flexible Aircraft Using VCCTEF},
  author={Swei, Sean Shan-Min and Zhu, Guoming G and Nguyen, Nhan},
  booktitle={56th AIAA/ASCE/AHS/ASC Structures, Structural Dynamics, and Materials Conference},
  pages={1844},
  year={2015}
}

@article{goraj1999design,
  title={Design concept of a high-altitude long-endurance unmanned aerial vehicle},
  author={Goraj, Zdobys{\l}aw and Frydrychiewicz, Andrzej and Winiecki, Jacek},
  journal={Aircraft design},
  volume={2},
  number={1},
  pages={19--44},
  year={1999},
  publisher={Elsevier}
}

@inproceedings{lofberg2004yalmip,
  title={YALMIP: A toolbox for modeling and optimization in MATLAB},
  author={L{\"o}fberg, Johan},
  booktitle={Computer Aided Control Systems Design, 2004 IEEE International Symposium on},
  pages={284--289},
  year={2004},
  organization={IEEE}
}

@article{tan1990modified,
  title={A modified finite element-transfer matrix for control design of space structures},
  author={Tan, TM and Yousuff, A and Bahar, LY and Konstantinidis, M},
  journal={Computers \& Structures},
  volume={36},
  number={1},
  pages={47--55},
  year={1990},
  publisher={Elsevier}
}

@article{degen1985combined,
  title={Combined finite element-transfer matrix method based on a mixed formulation},
  author={Degen, Edward E and Shephard, Mark S and Loewv, Robert G},
  journal={Computers \& Structures},
  volume={20},
  number={1},
  pages={173--180},
  year={1985},
  publisher={Elsevier}
}

@article{kumar1986new,
  title={A new transfer matrix method for response analysis of large dynamic systems},
  author={Kumar, A Selva and Sankar, TS},
  journal={Computers \& structures},
  volume={23},
  number={4},
  pages={545--552},
  year={1986},
  publisher={Elsevier}
}

@inproceedings{krauss2013discrete,
  title={Discrete-time transfer matrix modeling of flexible robots under feedback control},
  author={Krauss, Ryan and Okasha, Mohamed},
  booktitle={American Control Conference (ACC), 2013},
  pages={4104--4109},
  year={2013},
  organization={IEEE}
}

@article{krauss2011computationally,
  title={Computationally efficient modeling of flexible robots using the transfer matrix method},
  author={Krauss, Ryan W},
  journal={Journal of Vibration and Control},
  pages={1077546311408466},
  year={2011},
  publisher={SAGE Publications}
}

@article{rong2010discrete,
  title={Discrete time transfer matrix method for dynamics of multibody system with real-time control},
  author={Rong, Bao and Rui, Xiaoting and Wang, Guoping and Yang, Fufeng},
  journal={Journal of Sound and Vibration},
  volume={329},
  number={6},
  pages={627--643},
  year={2010},
  publisher={Elsevier}
}

@article{rui2012discrete,
  title={Discrete time transfer matrix method for dynamics of multibody system with flexible beams moving in space},
  author={Rui, Xiao-Ting and Kreuzer, Edwin and Rong, Bao and He, Bin},
  journal={Acta Mechanica Sinica},
  volume={28},
  number={2},
  pages={490--504},
  year={2012},
  publisher={Springer}
}

@article{hendy2014controller,
  title={Controller Parameters Tuning Based on Transfer Matrix Method for Multibody Systems},
  author={Hendy, Hossam and Rui, Xiaoting and Zhou, Qinbo and Khalil, Mostafa},
  journal={Advances in Mechanical Engineering},
  volume={2014},
  year={2014},
  publisher={Hindawi Publishing Corporation}
}

@book{siljak1978large,
  title={Large-scale dynamic systems: stability and structure},
  author={Siljak, Dragoslav D},
  volume={310},
  year={1978},
  publisher={North-Holland New York}
}

@article{young1972approach,
  title={An approach to the linear multivariable servomechanism problemâ€ },
  author={Young, Peter Colin and Willems, JC},
  journal={International journal of control},
  volume={15},
  number={5},
  pages={961--979},
  year={1972},
  publisher={Taylor \& Francis}
}

@article{linse1993identification,
  title={Identification of aerodynamic coefficients using computational neural networks},
  author={Linse, Dennis J and Stengel, Robert F},
  journal={Journal of Guidance, Control, and Dynamics},
  volume={16},
  number={6},
  pages={1018--1025},
  year={1993}
}

@article{rai2000aerodynamic,
  title={Aerodynamic design using neural networks},
  author={Rai, Man Mohan and Madavan, Nateri K},
  journal={AIAA journal},
  volume={38},
  number={1},
  pages={173--182},
  year={2000}
}

@inproceedings{rai2002towards,
  title={Towards a hybrid aerodynamic design procedure based on neural networks and evolutionary methods},
  author={Rai, Man Mohan},
  booktitle={20th AIAA Applied Aerodynamics Conference, Saint Louis, MO},
  volume={24},
  pages={26},
  year={2002}
}

@inproceedings{rai2000improving,
  title={Improving the unsteady aerodynamic performance of transonic turbines using neural networks},
  author={Rai, Man Mohan and Madavan, Nateri K and Huber, Frank W},
  booktitle={Proceedings of the 38th AIAA aerospace sciences meeting and exhibit, Reno, NV},
  pages={2000--0169},
  year={2000}
}

@article{natarajan2004aeroelastic,
  title={Aeroelastic optimization of adaptive bumps for yaw control},
  author={Natarajan, Anand and Kapania, Rakesh K and Inman, Dan J},
  journal={Journal of aircraft},
  volume={41},
  number={1},
  pages={175--185},
  year={2004}
}

@article{natarajan2002dynamic,
  title={Dynamic Aeroelastic Response of Adaptable Airfoils Using Neural Networks},
  author={Natarajan, Anand and Kapania, Rakesh K and Inman, Daniel J},
  journal={AIAA paper},
  number={2002-5599},
  pages={4--6},
  year={2002}
}

@article{lakshmikanth2014adaptive,
  title={Adaptive flight-control design using neural-network-aided optimal nonlinear dynamic inversion},
  author={Lakshmikanth, Geethalakshmi S and Padhi, Radhakant and Watkins, John M and Steck, James E},
  journal={Journal of Aerospace Information Systems},
  volume={11},
  number={11},
  pages={785--806},
  year={2014},
  publisher={American Institute of Aeronautics and Astronautics}
}

@article{wang2004time,
  title={Time-domain simulations of aerodynamic forces on three-dimensional configurations, unstable aeroelastic responses, and control by neural network systems},
  author={Wang, Zhicun},
  year={2004},
  publisher={Virginia Tech}
}

@techreport{thomas1984aircraft,
  title={Aircraft drag reduction technology},
  author={Thomas, ASW},
  year={1984},
  institution={DTIC Document}
}

@misc{hull2007fundamentals,
  title={Fundamentals of airplane flight mechanics},
  author={Hull, David G},
  year={2007},
  publisher={Springer}
}

@article{long2004object,
  title={Object-oriented unsteady vortex lattice method for flapping flight},
  author={Long, Lyle N and Fritz, Tracy E},
  journal={Journal of Aircraft},
  volume={41},
  number={6},
  pages={1275--1290},
  year={2004}
}

@article{stanford2010analytical,
  title={Analytical sensitivity analysis of an unsteady vortex-lattice method for flapping-wing optimization},
  author={Stanford, Bret K and Beran, Philip S},
  journal={Journal of Aircraft},
  volume={47},
  number={2},
  pages={647--662},
  year={2010}
}

@inproceedings{de2012object,
  title={AN OBJECT-ORIENTED UNSTEADY VORTEX LATTICE METHOD FOR AEROELASTIC ANALYSES OF HIGHLY FLEXIBLE WINGS.},
  author={de Souza, CE and da Silva, RGA and Cesnik, CES},
  booktitle={10th World Congress on Computational Mechanics},
  year={2012}
}

@article{koochesfahani1989vortical,
  title={Vortical patterns in the wake of an oscillating airfoil},
  author={Koochesfahani, Manoochehr M},
  journal={AIAA journal},
  volume={27},
  number={9},
  pages={1200--1205},
  year={1989}
}

@book{mueller2001fixed,
  title={Fixed and flapping wing aerodynamics for micro air vehicle applications},
  author={Mueller, Thomas J},
  volume={195},
  year={2001},
  publisher={AIAA}
}

@article{jenett2016digital,
  title={Digital Morphing Wing: Active Wing Shaping Concept Using Composite Lattice-Based Cellular Structures},
  author={Jenett, Benjamin and Calisch, Sam and Cellucci, Daniel and Cramer, Nick and Gershenfeld, Neil and Swei, Sean and Cheung, Kenneth C},
  journal={Soft Robotics},
  year={2016},
  publisher={Mary Ann Liebert, Inc. 140 Huguenot Street, 3rd Floor New Rochelle, NY 10801 USA}
}

@techreport{thomas1985aircraft,
  title={Aircraft Drag Prediction and Reduction},
  author={Thomas, Andrew S and Saric, William S and Braslow, Albert L and Bushnell, DM and Lock, RC and Hackett, JE and others},
  year={1985},
  institution={DTIC Document}
}

@article{halfman1952experimental,
  title={Experimental aerodynamic derivatives of a sinusoidally oscillating airfoil in two-dimensional flow},
  author={Halfman, Robert L},
  year={1952}
}


@book{klein2006aircraft,
  title={Aircraft system identification: theory and practice},
  author={Klein, Vladislav and Morelli, Eugene A},
  year={2006},
  publisher={American Institute of Aeronautics and Astronautics Reston, Va, USA}
}

@article{domain2016nasa,
  title={NASA ARMSTRONG FACT SHEET: SOLAR-POWER RESEARCH},
  author={Domain, Public},
  journal={Alternative Energy and Shale Gas Encyclopedia},
  pages={241},
  year={2016},
  publisher={John Wiley \& Sons}
}

@incollection{drela1989xfoil,
  title={XFOIL: An analysis and design system for low Reynolds number airfoils},
  author={Drela, Mark},
  booktitle={Low Reynolds number aerodynamics},
  pages={1--12},
  year={1989},
  publisher={Springer}
}
